***************************
Definition of Abbreviations
***************************

@String{iccv =   "International Conference on Computer Vision (ICCV)"}
@String{iccvw =  "International Conference on Computer Vision (ICCV) Workshops"}
@String{cvpr =   "Conference on Computer Vision and Pattern Recognition (CVPR)"}
@String{cvprw =  "Conference on Computer Vision and Pattern Recognition (CVPR) Workshops"}
@String{eccv =   "European Conference on Computer Vision (ECCV)"}
@String{eccvw =  "European Conference on Computer Vision (ECCV) Workshops"}
@String{wacv =   "Winter Conf. on Applications of Computer Vision (WACV)"}
@String{accv =   "Asian Conference on Computer Vision (ACCV)"}
@String{sisap =  "International Conference on Similarity Search and Applications (SISAP)"}
@String{ijcv =   "International Journal of Computer Vision (IJCV)"}
@String{bmvc =   "British Machine Vision Conference (BMVC)"}
@String{threedv = "International Conference on 3D Vision (3DV)"}
@String{pami =   "Transactions on Pattern Analysis and Machine Intelligence (TPAMI)"}
@String{tip =    "Transactions on Image Processing (TIP)"}
@String{tog =    "Transactions on Graphics (TOG)"}
@String{toms =   "Transactions on Mathematical Software (TOMS)"}
@String{cacm =   "Communications of the ACM (CACM)"}
@String{ijrr =   "International Journal of Robotics Research (IJRR)"}
@String{gcpr =   "German Conference on Pattern Recognition (GCPR)"}
@String{cviu =   "Computer Vision and Image Understanding (CVIU)"}
@String{icpr =   "International Conference on Pattern Recognition (ICPR)"}
@String{rss =    "Robotics: Science and Systems (RSS)"}
@String{iros =   "International Conference on Intelligent Robots and Systems (IROS)"}
@String{icra =   "International Conference on Robotics and Automation (ICRA)"}
@String{ral =    "IEEE Robotics and Automation Letters (RAL)"}
@String{nips =   "Conference on Neural Information Processing Systems (NIPS)"}
@String{mm =     "International Conference on Multimedia Retrieval (ICMR)"}
@String{tvcg =   "Transactions on Visualization and Computer Graphics (TVCG)"}
@String{visapp = "International Conference on Computer Vision Theory and Applications (VISAPP)"}
@String{ismar =  "International Symposium on Mixed and Augmented Reality (ISMAR)"}
@String{tro =    "Transactions on Robotics (TRO)"}
@String{jmlr =   "Journal of Machine Learning Research (JMLR)"}
@String{iclr =   "International Conference on Learning Representations (ICLR)"}
@String{arxiv =  "arXiv"}
@String{siggraph = "ACM Transactions on Graphics (SIGGRAPH)"}
@String{eurogr = "European Association for Computer Graphics (EUROGRAPHICS)"}
@String{dagm = {Pattern Recognition (DAGM)}}
