
@Article{furukawa-et-al-pami-2010,
  author    = "Yasutaka Furukawa and Jean Ponce",
  title        = "Accurate, Dense, and Robust Multiview Stereopsis",
  journal      = tpami,
  year         = "2010",
}

@InProceedings{goesele-et-al-iccv-2007,
  author       = "Michael Goesele and Noah Snavely and Brian Curless and Hugues Hoppe and Steven M. Seitz",
  title        = "Multi-View Stereo for Community Photo Collections",
  booktitle    = iccv,
  year         = "2007",
}
